@online{EnumDefinition,
    author = {Arnold Willemer},
    title = {Aufz√§hlungstyp enum},
    howpublished = {Website},
    url = {willemer.de/informatik(cpp/enum.htm},
    note = {Besucht am 09.02.2021}
}

@online{Sourcetrail,
    author = {Sourcetrail},
    title = {Sourcetrail},
    howpublished = {Website},
    url = {https://www.sourcetrail.com/},
    note = {Besucht am 11.04.2021}
}

@online{ASIO,
    author = {ASIO},
    title = {Asio C++ Library},
    howpublished = {Website},
    url = {https://think-async.com/Asio/},
    note = {Besucht am 11.04.2021}
}
@online{CLI11,
    author = {anonym},
    title = {CLI11: Command line parser for C++11},
    howpublished = {Github},
    url = {https://github.com/CLIUtils/CLI11},
    note = {Besucht am 11.04.2021}
}
@online{Json,
    author = {Niels Lohmann},
    title = {JSON for Modern C++},
    howpublished = {Github},
    url = {https://github.com/nlohmann/json},
    note = {Besucht am 11.04.2021}
}
@online{Rang,
    author = {anonym},
    title = {Colors for your Terminal.},
    howpublished = {Github},
    url = {https://github.com/agauniyal/rang},
    note = {Besucht am 11.04.2021}
}
@online{spdlog,
    author = {anonym},
    title = {Fast C++ logging library.},
    howpublished = {Github},
    url = {https://github.com/gabime/spdlog},
    note = {Besucht am 11.04.2021}
}
